@misc{javalibs,
author = {James Gosling},
title = {Java's Concurrent Library},
howpublished = {\url{https://docs.oracle.com/javase/7/docs/api/java/util/concurrent/package-summary.html}},
month = {Jan},
year = {2020},
note = {(Accessed on 4/03/2021)}
}

@misc{mergeSort,
author = {Rajat Mishra},
title = {Merge Sort Code},
howpublished = {\url{https://www.geeksforgeeks.org/merge-sort/}},
month = {Feb},
year = {2021},
note = {(Accessed on 4/05/2021)}
}

@misc{quickSort,
author = {Ayush Choudhary},
title = {Quick Sort Code},
howpublished = {\url{https://www.geeksforgeeks.org/quick-sort/}},
month = {Apr},
year = {2021},
note = {(Accessed on 4/05/2021)}
}

@misc{bubbleSort,
author = {Rajat Mishray},
title = {Bubble Sort Code},
howpublished = {\url{https://www.geeksforgeeks.org/bubble-sort/}},
month = {Apr},
year = {2021},
note = {(Accessed on 4/06/2021)}
}

@misc{javathread,
author = {James Gosling},
title = {Thread Library},
howpublished = {\url{https://docs.oracle.com/javase/7/docs/api/java/lang/Thread.html}},
month = {Apr},
year = {2021},
note = {(Accessed on 4/06/2021)}
}

@misc{javalock,
author = {James Gosling},
title = {ReentrantLock Library},
howpublished = {\url{https://docs.oracle.com/en/java/javase/11/docs/api/java.base/java/util/concurrent/locks/ReentrantLock.html}},
month = {Apr},
year = {2021},
note = {(Accessed on 4/06/2021)}
}

@misc{executor,
author = {James Gosling},
title = {Exectutor Library},
howpublished = {\url{https://docs.oracle.com/javase/7/docs/api/java/util/concurrent/ExecutorService.html?is-external=true}},
month = {Apr},
year = {2021},
note = {(Accessed on 4/06/2021)}
}